@article{Whipple_1921,
	doi = {10.1088/1478-7814/34/1/312},
	url = {https://doi.org/10.1088%2F1478-7814%2F34%2F1%2F312},
	year = 1921,
	month = {dec},
	publisher = {{IOP} Publishing},
	volume = {34},
	number = {1},
	pages = {i--v},
	author = {F J W Whipple},
	title = {The theory of the hair hygrometer},
	journal = {Proceedings of the Physical Society of London},
	abstract = {}
}