@article{lee2016advances,
  title={Advances in AFM imaging applications for characterizing the biophysical properties of amyloid fibrils},
  author={Lee, Wonseok and Lee, Hyungbeen and Lee, Gyudo and Yoon, Dae Sung},
  journal={Exploring new findings on amyloidosis},
  year={2016},
  publisher={In Tech, Rijeka}
}